<?xml version="1.0" encoding="UTF-8"?><collection xmlns="http://www.loc.gov/MARC21/slim"><record><leader>00427nam--2200133-i-4500</leader><controlfield tag="001">000024663</controlfield><controlfield tag="002">20161230</controlfield><controlfield tag="005">20161230201035</controlfield><controlfield tag="008">060222s1000------------r-----000-0-eng-d</controlfield><datafield ind1=" " ind2=" " tag="080"><subfield code="a">621.039.619(043)</subfield></datafield><datafield ind1=" " ind2=" " tag="100"><subfield code="a">Jablob, Claude</subfield></datafield><datafield ind1=" " ind2=" " tag="245"><subfield code="a">Theorie lineaire et non lineaire des instabilites de particules piegees de basse frequence dans les tokamaks. these</subfield></datafield><datafield ind1=" " ind2=" " tag="260"><subfield code="a">Orsay, Universite De Paris-sud, 1972, 168 P</subfield></datafield><datafield ind1=" " ind2=" " tag="852"><subfield code="a">78140</subfield></datafield></record></collection>